@article{dynamics_testing,
   title = {The Dynamics of Software Testing},
   author = {Anas TAWILEH, Steve McINTOSH, Brent WORK and Wendy IVINS},
   location = {Cardiff University School of Computer Science}
}

@book{takanen2008fuzzing,
   title={Fuzzing for Software Security Testing and Quality Assurance},
   author={Takanen, A. and DeMott, J.D. and Miller, C.},
   isbn={9781596932159},
   series={Artech House information security and privacy series},
   url={http://www.google.nl/books?id=tMuAc\_y9dFYC},
   year={2008},
   publisher={Artech House}
}

@misc{netflix_chaosmonkey,
   author = {Cory Bennett and Ariel Tseitlin},
   title = {Chaos Monkey Released Into The Wild},
   howpublished = "\url{http://techblog.netflix.com/2012/07/chaos-monkey-released-into-wild.html}",
   year = {2008}, 
   note = "[Online; accessed 19-July-2008]"
}

@proceedings{Rikitake:2011:2034654,
   title = {Erlang '11: Proceedings of the 10th ACM SIGPLAN workshop on Erlang},
   year = {2011},
   isbn = {978-1-4503-0859-5},
   location = {Tokyo, Japan},
   note = {553112},
   publisher = {ACM},
   address = {New York, NY, USA},
} 

@misc{testing_techniques,
   title = {Software testing techniques},
   author = {Lu Luo},
   howpublished = "\url{http://www.cs.cmu.edu/~luluo/Courses/17939Report.pdf}",
   location = {School of Computer  Science, Carnegie Mellon University}
}

@INPROCEEDINGS{distributed_sim_restful, 
   author={Al-Zoubi, K. and Wainer, G.}, 
   booktitle={Simulation Conference (WSC), Proceedings of the 2009  Winter},  title={Performing distributed simulation with RESTful  Web-services},  
   year={2009}, 
   month={dec.}, 
   volume={}, 
   number={}, 
   pages={1323 -1334}, 
   keywords={Computational modeling;Computer languages;Computer  simulation;Discrete event simulation;Distributed computing;Industrial  training;Management training;Middleware;Simple object access  protocol;XML;Internet;Web services;XML;digital  simulation;middleware;open systems;user interfaces;RESTful-CD++  middleware;Web 2.0;XML;distributed simulation middleware;geographically  distributed models;heterogeneous independent-developed simulation  components;interoperate heterogeneous simulators;plug-and-play  interoperability;representational state transfer Web-services;restful  Web-services;semiautomatic interoperability;universal uniform  interface;}, 
   doi={10.1109/WSC.2009.5429650}, 
   ISSN={},}
